<record><leader>00000cas a2200000Ma 4500</leader><controlfield tag="001">10828251</controlfield><controlfield tag="008">840611d18511855nhuwr ne      0    0eng d</controlfield><datafield ind1=" " ind2=" " tag="010"><subfield code="a">sn 84023316 </subfield></datafield><datafield ind1=" " ind2=" " tag="040"><subfield code="a">AQM</subfield><subfield code="b">eng</subfield><subfield code="c">AQM</subfield><subfield code="d">OCLCG</subfield><subfield code="d">KRTAS</subfield><subfield code="d">OCLCQ</subfield></datafield><datafield ind1="0" ind2="4" tag="245"><subfield code="a">The American news.</subfield></datafield><datafield ind1=" " ind2=" " tag="260"><subfield code="a">Keene, N.H. :</subfield><subfield code="b">B. Cooke,</subfield><subfield code="c">1851-</subfield></datafield><datafield ind1=" " ind2=" " tag="300"><subfield code="a">v.</subfield></datafield><datafield ind1=" " ind2=" " tag="310"><subfield code="a">Weekly</subfield></datafield><datafield ind1="0" ind2=" " tag="362"><subfield code="a">Vol. 1, no. 1 (Jan. 4, 1851)-</subfield></datafield><datafield ind1="1" ind2=" " tag="362"><subfield code="a">Ceased in 1855.</subfield><subfield code="z">Cf. "Upper Ashuelot:" a hist. of Keene, N.H.</subfield></datafield><datafield ind1=" " ind2=" " tag="500"><subfield code="a">"The people's paper, devoted to news, education, agriculture and general miscellany-in politics independent."</subfield></datafield><datafield ind1=" " ind2=" " tag="500"><subfield code="a">Editors: B. Cooke, 1851-1852; S. Woodward, &lt;1853&gt;.</subfield></datafield><datafield ind1=" " ind2=" " tag="500"><subfield code="a">Publisher: Samuel Woodward, 1852-1855.</subfield></datafield><datafield ind1=" " ind2="7" tag="655"><subfield code="a">Newspapers.</subfield><subfield code="2">rbgenr</subfield></datafield><datafield ind1="1" ind2=" " tag="700"><subfield code="a">Cooke, Beniah,</subfield><subfield code="d">1800-1852.</subfield></datafield><datafield ind1="1" ind2=" " tag="700"><subfield code="a">Woodward, Samuel.</subfield></datafield><datafield ind1=" " ind2=" " tag="752"><subfield code="a">United States</subfield><subfield code="b">New Hampshire</subfield><subfield code="c">Cheshire</subfield><subfield code="d">Keene.</subfield></datafield><datafield ind1="0" ind2="0" tag="780"><subfield code="t">Spirit of the times (Keene, N.H.)</subfield><subfield code="w">(DLC)sn 84023323</subfield></datafield><datafield ind1="0" ind2="4" tag="785"><subfield code="t">Newhampshire sentinel</subfield><subfield code="w">(DLC)sn 84023315</subfield></datafield><datafield ind1=" " ind2=" " tag="938"><subfield code="a">Kirtas Technologies, Inc.</subfield><subfield code="b">KRTS</subfield><subfield code="n">738499</subfield></datafield></record>